@article{flp-theorem,
    title={Impossibility of Distributed Consensus with One Faulty Process},
    author={Fischer, Michael J. and Lynch, Nancy A. and Paterson, Michael S.},
    journal={Journal of the Association for Computing Machinery},
    volume={32},
    number={2},
    pages={374-382},
    year={1985}
}
@article{long-form-paxos,
    title={The Part-Time Parliament},
    author={Lamport, Leslie},
    journal={ACM Transactions on Computer Systems},
    volume={16},
    number={2},
    pages={133-3169},
    year={1998}
}
article{e-paxos,
    title={There is more consensus in Egalitarian parliaments},
    author={Morar},
    journal={ACM Transactions on Computer Systems},
    volume={16},
    number={2},
    pages={133-3169},
    year={1998}

}
@inproceedings{e-paxos,
 author = {Moraru, Iulian and Andersen, David G. and Kaminsky, Michael},
 title = {There is More Consensus in Egalitarian Parliaments},
 booktitle = {Proceedings of the Twenty-Fourth ACM Symposium on Operating Systems Principles},
 series = {SOSP '13},
 year = {2013},
 isbn = {978-1-4503-2388-8},
 location = {Farminton, Pennsylvania},
 pages = {358--372},
 numpages = {15},
 url = {http://doi.acm.org/10.1145/2517349.2517350},
 doi = {10.1145/2517349.2517350},
 acmid = {2517350},
 publisher = {ACM},
 address = {New York, NY, USA},
}
webpage{javaconpack,
    author = {Oracle Corporation},
    title = {java.util.concurrent Package Documentation},
    howpublished = {\url{https://docs.oracle.com/javase/7/docs/api/java/util/concurrent/package-summary.html}}

},
webpage{csharpdoc,
    author = {Microsoft Corporation},
    title = {ConcurrentBag$\langle$T$\rangle$ Class},
    howpublished = {\url{https://msdn.microsoft.com/en-us/library/dd381779(v=vs.110).aspx}}
},
inproceedings{Sundell:2011:LAC:1989493.1989550,
    author = {Sundell, H{\aa}kan and Gidenstam, Anders and Papatriantafilou, Marina and Tsigas, Philippas},
    title = {A Lock-free Algorithm for Concurrent Bags},
    booktitle = {Proceedings of the Twenty-third Annual ACM Symposium on Parallelism in Algorithms and Architectures},
    series = {SPAA '11},
    year = {2011},
    isbn = {978-1-4503-0743-7},
    location = {San Jose, California, USA},
    pages = {335--344},
    numpages = {10},
    url = {http://doi.acm.org.ezproxy.lib.utexas.edu/10.1145/1989493.1989550},
    doi = {10.1145/1989493.1989550},
    acmid = {1989550},
    publisher = {ACM},
    address = {New York, NY, USA},
    keywords = {concurrent, data structure, non-blocking, shared memory},
},
book{treiber1986systems,
  title={Systems programming: Coping with parallelism},
  author={Treiber, R Kent},
  year={1986},
  publisher={International Business Machines Incorporated, Thomas J. Watson Research Center}
},
article{michael2004hazard,
  title={Hazard pointers: Safe memory reclamation for lock-free objects},
  author={Michael, Maged M},
  journal={IEEE Transactions on Parallel and Distributed Systems},
  volume={15},
  number={6},
  pages={491--504},
  year={2004},
  publisher={IEEE}
},
inproceedings{shann2000practical,
  title={A practical nonblocking queue algorithm using compare-and-swap},
  author={Shann, Chien-Hua and Huang, Ting-Lu and Chen, Cheng},
  booktitle={Parallel and Distributed Systems, 2000. Proceedings. Seventh International Conference on},
  pages={470--475},
  year={2000},
  organization={IEEE}
},
article{wing1990library,
  title={A library of concurrent objects and their proofs of correctness},
  author={Wing, Jeannette Marie and Gong, Chun},
  year={1990}
},
article{lamport1983specifying,
  title={Specifying concurrent program modules},
  author={Lamport, Leslie},
  journal={ACM Transactions on Programming Languages and Systems (TOPLAS)},
  volume={5},
  number={2},
  pages={190--222},
  year={1983},
  publisher={ACM}
},
inproceedings{Giacomoni:2008:FEP:1345206.1345215,
 author = {Giacomoni, John and Moseley, Tipp and Vachharajani, Manish},
 title = {FastForward for Efficient Pipeline Parallelism: A Cache-optimized Concurrent Lock-free Queue},
 booktitle = {Proceedings of the 13th ACM SIGPLAN Symposium on Principles and Practice of Parallel Programming},
 series = {PPoPP '08},
 year = {2008},
 isbn = {978-1-59593-795-7},
 location = {Salt Lake City, UT, USA},
 pages = {43--52},
 numpages = {10},
 url = {http://doi.acm.org/10.1145/1345206.1345215},
 doi = {10.1145/1345206.1345215},
 acmid = {1345215},
 publisher = {ACM},
 address = {New York, NY, USA},
 keywords = {fastforward, linearizability, lock-free, multicore, multiprocessors, nonblocking synchronization, pipeline parallel, queue},
},
article{hendler2010scalable,
  title={A scalable lock-free stack algorithm},
  author={Hendler, Danny and Shavit, Nir and Yerushalmi, Lena},
  journal={Journal of Parallel and Distributed Computing},
  volume={70},
  number={1},
  pages={1--12},
  year={2010},
  publisher={Elsevier}
},
inproceedings{afek2010scalable,
  title={Scalable producer-consumer pools based on elimination-diffraction trees},
  author={Afek, Yehuda and Korland, Guy and Natanzon, Maria and Shavit, Nir},
  booktitle={European Conference on Parallel Processing},
  pages={151--162},
  year={2010},
  organization={Springer}
},
inproceedings{boyapati2002korat,
  title={Korat: Automated testing based on Java predicates},
  author={Boyapati, Chandrasekhar and Khurshid, Sarfraz and Marinov, Darko},
  booktitle={ACM SIGSOFT Software Engineering Notes},
  volume={27},
  number={4},
  pages={123--133},
  year={2002},
  organization={ACM}
},
